@inproceedings{breakingdvbcsa,
	title = {{Breaking DVB-CSA}},
	author = "Erik Tews and Julian W{\"a}lde and Michael Weiner",
	year = "2011",
	pages = "45--61",
	booktitle = "Research in Cryptology",
}

@book{gurtov2008host,
  title={Host Identity Protocol (HIP): Towards the Secure Mobile Internet},
  author={Gurtov, A.},
  isbn={9780470772904},
  series={Wiley Series on Communications Networking \& Distributed Systems},
  url={https://books.google.com/books?id=NRFINGyVZpQC},
  year={2008},
  publisher={Wiley}
}

@book{ssh,
  author = {Barrett, Daniel J. and Silverman, Richard E. and Byrnes, Robert G.},
  title = {SSH, the Secure Shell: The Definitive Guide},
  year = {2005},
  isbn = {0596008953},
  publisher = {O'Reilly Media, Inc.}
}


@book{openvpn,
  author = {Feilner, Markus},
  title = {OpenVPN: Building and Integrating Virtual Private Networks: Learn How to Build Secure VPNs  Using This Powerful Open Source Application},
  year = {2006},
  isbn = {190481185X},
  publisher = {Packt Publishing}
}

  

@misc{impl,
	title="SOHO VPN client and server",
	howpublished={{\url{https://github.com/dmitriykuptsov/soho-vpn-over-tls/}}}
}

@misc{temperednetworks,
	title="Tempered Networks simplifies secure network connectivity and microsegmentation",
	howpublished={{\url{https://www.networkworld.com/article/3405853/tempered-networks-simplifies-secure-network-connectivity-and-microsegmentation.html}}}}

@misc{ipsec,
	title="IPsec",
	howpublished={{\url{https://en.wikipedia.org/wiki/IPsec}}}
}

@misc{ike,
	title="Internet Key Exchange",
	howpublished={{\url{https://en.wikipedia.org/wiki/Internet_Key_Exchange}}}
}